@incollection{piatkivskyi2018split,
  title={Split payments in payment networks},
  author={Piatkivskyi, Dmytro and Nowostawski, Mariusz},
  booktitle={Data Privacy Management, Cryptocurrencies and Blockchain Technology},
  pages={67--75},
  year={2018},
  publisher={Springer}
}

@inproceedings{danezis2009sphinx,
  title={Sphinx: A compact and provably secure mix format},
  author={Danezis, George and Goldberg, Ian},
  booktitle={2009 30th IEEE Symposium on Security and Privacy},
  pages={269--282},
  year={2009},
  organization={IEEE}
}

@article{nakamoto2008bitcoin,
  title={Bitcoin: A peer-to-peer electronic cash system},
  author={Nakamoto, Satoshi and others},
  year={2008},
  publisher={Working Paper}
}

@article{back2002hashcash,
  title={Hashcash-a denial of service counter-measure},
  author={Back, Adam and others},
  year={2002}
}

@misc{poon2016bitcoin,
  title={The bitcoin lightning network: Scalable off-chain instant payments},
  author={Poon, Joseph and Dryja, Thaddeus},
  year={2016}
}

@article{prihodko2016flare,
  title={Flare: An approach to routing in lightning network},
  author={Prihodko, Pavel and Zhigulin, Slava and Sahno, Mykola and Ostrovskiy, Aleksei and Osuntokun, Olaoluwa},
  journal={White Paper},
  year={2016}
}

@article{bagaria2019boomerang,
  title={Boomerang: Redundancy Improves Latency and Throughput in Payment Networks},
  author={Bagaria, Vivek and Neu, Joachim and Tse, David},
  journal={arXiv preprint arXiv:1910.01834},
  year={2019}
}

@article{osuntokun2018AMP,
   title={AMP: Atomic Multi-Path Payments over Lightning},
   author={Olaoluwa Osuntokun},
   journal={\url{https://lists.linuxfoundation.org/pipermail/lightning-dev/2018-February/000993.html}},
   year={2018}
}

@article{pickhardt2019jit,
   title={Just in Time Routing (JIT-Routing) and a channel rebalancing heuristic as an add on for improved routing success in BOLT 1.0},
   author={Rene Pickhardt},
   journal={\url{https://lists.linuxfoundation.org/pipermail/lightning-dev/2019-March/001891.html}},
   year={2019}
}

@article{pickhardt2019pathfinding,
   title={Path Finding in the Lightning Network},
   author={Rene Pickhardt},
   note={\url{https://youtu.be/MeEFUaRnMak?t=2010}},
   year={2019}
}
@article{zmnscpxj2019rts,
   title={Improving Lightning Network Pathfinding Latency by Path Splicing and Other Real-Time Strategy Game Techniques},
   author={ZmnSCPxj},
   note={\url{https://lists.linuxfoundation.org/pipermail/lightning-dev/2019-August/002095.html}},
   year={2019}
}
@article{gondo2019stucklss,
   title={Proposal for Stuckless Payment},
   author={Hiroki Gondo},
   note={\url{https://lists.linuxfoundation.org/pipermail/lightning-dev/2019-June/002029.html}},
   year={2019}
}



@article{grunspan2018ant,
  title={Ant routing algorithm for the Lightning Network},
  author={Grunspan, CYRIL and P{\'e}rez-Marco, Ricardo},
  journal={arXiv preprint arXiv:1807.00151},
  year={2018}
}

@article{sivaraman2018routing,
  title={Routing cryptocurrency with the spider network},
  author={Sivaraman, Vibhaalakshmi and Venkatakrishnan, Shaileshh Bojja and Alizadeh, Mohammad and Fanti, Giulia and Viswanath, Pramod},
  journal={arXiv preprint arXiv:1809.05088},
  year={2018}
}